<record><leader>00000cas a22000007a 4500</leader><controlfield tag="001">10475291</controlfield><controlfield tag="008">840301d18441845mouwr ne      0    0eng  </controlfield><controlfield tag="009">466</controlfield><datafield ind1=" " ind2=" " tag="010"><subfield code="a">sn 84020204 </subfield></datafield><datafield ind1=" " ind2=" " tag="040"><subfield code="a">DLC</subfield><subfield code="b">eng</subfield><subfield code="c">DLC</subfield><subfield code="d">NPX</subfield><subfield code="d">MQN</subfield><subfield code="d">OCLCG</subfield><subfield code="d">OCLCF</subfield></datafield><datafield ind1="1" ind2=" " tag="029"><subfield code="a">AU@</subfield><subfield code="b">000025806864</subfield></datafield><datafield ind1=" " ind2=" " tag="042"><subfield code="a">msc</subfield></datafield><datafield ind1="0" ind2="0" tag="050"><subfield code="a">Newspaper 8583-X</subfield></datafield><datafield ind1="0" ind2=" " tag="130"><subfield code="a">Mill boy (Saint Louis, Mo.)</subfield></datafield><datafield ind1="0" ind2="0" tag="245"><subfield code="a">Mill boy.</subfield></datafield><datafield ind1=" " ind2=" " tag="260"><subfield code="a">St. Louis, Mo. :</subfield><subfield code="b">Chambers &amp; Knapp,</subfield><subfield code="c">1844-1845.</subfield></datafield><datafield ind1=" " ind2=" " tag="300"><subfield code="a">38 no. ;</subfield><subfield code="c">68 cm.</subfield></datafield><datafield ind1=" " ind2=" " tag="310"><subfield code="a">Weekly</subfield></datafield><datafield ind1="0" ind2=" " tag="362"><subfield code="a">No. 1 (Feb. 10, 1844)-no. 38 (Jan. 21, 1844 [i.e.: 1845]).</subfield></datafield><datafield ind1=" " ind2=" " tag="500"><subfield code="a">Campaign paper supporting Henry Clay for U.S. President.</subfield></datafield><datafield ind1="1" ind2="0" tag="600"><subfield code="a">Clay, Henry,</subfield><subfield code="d">1777-1852.</subfield></datafield><datafield ind1="1" ind2="7" tag="600"><subfield code="a">Clay, Henry,</subfield><subfield code="d">1777-1852.</subfield><subfield code="2">fast</subfield><subfield code="0">(OCoLC)fst00014376</subfield></datafield><datafield ind1=" " ind2=" " tag="752"><subfield code="a">United States</subfield><subfield code="b">Missouri</subfield><subfield code="d">Saint Louis.</subfield></datafield></record>